%%%%%%%%%%%%%%%%%%%%%%
% Lab Citations
%%%%%%%%%%%%%%%%%%%%%%

@book{eliasmith2003a,
  title={Neural engineering: Computation, representation, and dynamics in neurobiological systems},
  year={2003},
  publisher={MIT Press},
  organization={MIT Press},
  type={book},
  address={Cambridge, MA},
  author={Chris Eliasmith and Charles H. Anderson}
}

@article{eliasmith2012,
  title     = {A large-scale model of the functioning brain},
  author    = {Eliasmith, Chris and Stewart, Terrence C and Choo, Xuan and Bekolay, Trevor and DeWolf, Travis and Tang, Yichuan and Rasmussen, Daniel},
  journal   = {science},
  year      = {2012},
  number    = {6111},
  pages     = {1202--1205},
  volume    = {338},
  publisher = {American Association for the Advancement of Science}
}

@article{stewart2012b,
  author = {Terrence C. Stewart},
  title = {The Neural Engineering Framework},
  journal = {AISB Quarterly},
  year = {2012},
  pages = {2-7},
}

@inproceedings{bekolay2013,
  title={Simultaneous unsupervised and supervised learning of cognitive functions in biologically plausible spiking neural networks},
  author={Bekolay, Trevor and Kolbeck, Carter and Eliasmith, Chris},
  booktitle={35th Annual Conference of the Cognitive Science Society},
  pages={169--174},
  year={2013},
  organization={Cognitive Science Society},
  pdf={http://mindmodeling.org/cogsci2013/papers/0058/paper0058.pdf},
}

@article{bekolay2014,
  author={Bekolay, Trevor and Bergstra, James and Hunsberger, Eric and DeWolf, Travis and Stewart, Terrence C and Rasmussen, Daniel and Choo, Xuan and Voelker, Aaron Russell and Eliasmith, Chris},
  title={Nengo: A {P}ython tool for building large-scale functional brain models},
  journal={Frontiers in Neuroinformatics},
  volume={7},
  year={2014},
  number={48},
  doi={10.3389/fninf.2013.00048},
  issn={1662-5196},
}

@article{hunsberger2014,
  author = {Hunsberger, Eric and Scott, Matthew and Eliasmith, Chris},
  title = {The Competing Benefits of Noise and Heterogeneity in Neural Coding},
  journal = {Neural Computation},
  year = {2014},
  volume = {26},
  number = {8},
  pages = {1600--1623},
  month = {2016/02/07},
  annote = {doi: 10.1162/NECO{\_}a{\_}00621},
  booktitle = {Neural Computation},
  da =            {2014/08/01},
  date =          {2014/05/30},
  date-added =    {2016-02-07 11:15:30 +0000},
  date-modified = {2016-02-07 11:15:30 +0000},
  doi =           {10.1162/NECO{\_}a{\_}00621},
  isbn =          {0899-7667},
  journal1 =      {Neural Computation},
  m3 =            {doi: 10.1162/NECO{\_}a{\_}00621},
  publisher =     {MIT Press},
  ty =            {JOUR},
  year1 =         {2014},
  url =           {http://dx.doi.org/10.1162/NECO_a_00621},
}

@inproceedings{trujillo2014,
  title={A spiking-neuron model of memory encoding and replay in hippocampus},
  author={Oliver Trujillo and Chris Eliasmith},
  booktitle={BMC Neuroscience},
  issn={15(Suppl1)},
  pages={166},
  year={2014},
  organization={Organization for Computational Neurosciences},
}

@inproceedings{rasmussen2014b,
  address={Austin},
author={Rasmussen, Daniel and Eliasmith, Chris},
  booktitle={Proceedings of the 36th Annual Conference of the Cognitive Science Society},
  editor={Bello, Paul and Guarini, Marcello and McShane, Marjorie and Scassellati, Brian},
  pages={1252--1257},
  publisher={Cognitive Science Society},
  title={A neural model of hierarchical reinforcement learning},
  year={2014},
}

@mastersthesis{komer2015,
  title={Biologically Inspired Adaptive Control of Quadcopter Flight},
  author={Brent Komer},
  year={2015},
  type={Masters Thesis},
  volume={Master of Mathematics},
  school={University of Waterloo},
  address={Waterloo, ON},
  pages={65},
  url={https://uwspace.uwaterloo.ca/handle/10012/9549},
  pdf={http://compneuro.uwaterloo.ca/files/publications/komer.2015.pdf},
}

@inproceedings{mundy2015,
  author = {Mundy, A. and Knight, J. and Stewart, T.C. and Furber, S.},
  title = {An efficient {S}pi{NN}aker implementation of the {N}eural {E}ngineering {F}ramework},
  booktitle = {Neural Networks (IJCNN), 2015 International Joint Conference on},
  year = {2015},
  pages = {1-8},
  month = {July},
  doi = {10.1109/IJCNN.2015.7280390},
}

@techreport{voelker2015,
  title={A Solution to the Dynamics of the {P}rescribed {E}rror {S}ensitivity Learning Rule},
  year={2015},
  month={10},
  institution={Centre for Theoretical Neuroscience},
  address={Waterloo, ON},
  issn={CTN-TR-20151001-01},
  author={Aaron R. Voelker},
  doi={10.13140/RG.2.1.3048.0084},
  pdf={/files/publications/voelker.2015.pdf},
  url={http://www.researchgate.net/publication/282366687_A_Solution_to_the_Dynamics_of_the_Prescribed_Error_Sensitivity_Learning_Rule},
}

@article{dewolf2016,
  author={DeWolf, Travis and Stewart, Terrence C and Slotine, Jean-Jacques and Eliasmith, Chris},
  title={A spiking neural model of adaptive arm control},
  journal={Proceedings of the Royal Society B},
  volume={283},
  year={2016},
  number={48},
  doi={10.1098/rspb.2016.2134},
  url={http://dx.doi.org/10.1098/rspb.2016.2134},
}

@article{voelker2016a,
  author = {Friedl, Ken Elmar and Voelker, Aaron R. and Peer, Angelika and Eliasmith, Chris},
  title = {Human-Inspired Neurorobotic System for Classifying Surface Textures by Touch},
  journal = {Robotics and Automation Letters},
  volume = {1},
  number = {1},
  pages = {516-523},
  publisher = {IEEE},
  year = {2016},  
  month = {01},
  issn = {2377-3766},
  doi = {10.1109/LRA.2016.2517213},
  url = {http://dx.doi.org/10.1109/LRA.2016.2517213},
  pdf = {http://compneuro.uwaterloo.ca/files/publications/voelker.2016a.pdf},
}

@article{rasmussen2017,
  author={Rasmussen, Daniel and Voelker, Aaron R. and Eliasmith, Chris},
  url={https://doi.org/10.1371/journal.pone.0180234},
  doi={10.1371/journal.pone.0180234},
  journal={PLoS ONE},
  number={7},
  pages={1--39},
  publisher={Public Library of Science},
  title={A neural model of hierarchical reinforcement learning},
  volume={12},
  year={2017},
}

@techreport{voelker2017c,
  title={Analysis of oscillatory weight changes from online learning with filtered spiking feedback},
  year={2017},
  month={10},
  institution={Centre for Theoretical Neuroscience},
  address={Waterloo, ON},
  issn={CTN-TR-20171001-013},
  author={Aaron R. Voelker and Chris Eliasmith},
  doi={10.13140/RG.2.2.15438.77128},
  url={https://www.researchgate.net/publication/320172623_Analysis_of_oscillatory_weight_changes_from_online_learning_with_filtered_spiking_feedback},
}

%%%%%%%%%%%%%%%%%%%%%%
% Book Citations
%%%%%%%%%%%%%%%%%%%%%%

@book{koch2014,
  title = {Biophysics of computation: information processing in single neurons},
  author = {Koch, Christof},
  publisher = {Oxford university press},
  year = {2004}
}

@book{zumbahlen2011linear,
  title={Linear circuit design handbook},
  author={Zumbahlen, Hank and others},
  year={2011},
  publisher={Newnes}
}

%%%%%%%%%%%%%%%%%%%%%%
% Misc Citations
%%%%%%%%%%%%%%%%%%%%%%

@misc{michael_waskom_2015_19108,
  title = {seaborn: v0.6.0 (June 2015)},
  author = {Michael Waskom and Olga Botvinnik and Paul Hobson and Jordi Warmenhoven and John B. Cole and Yaroslav Halchenko and Jake Vanderplas and Stephan Hoyer and Santi Villalba and Eric Quintero and et al.},
  year = {2015},
  doi = {10.5281/zenodo.19108},
  publisher = {Zenodo},
  url = {http://dx.doi.org/10.5281/zenodo.19108}
}

@misc{nengolib,
  title={Nengolib -- {A}dditional extensions and tools for modelling dynamical systems in {N}engo},
  howpublished={\url{https://github.com/arvoelke/nengolib/}},
  note={Accessed: 2017-08-12},
  author={Aaron R. Voelker},
  year={2019},
}

%%%%%%%%%%%%%%%%%%%%%%
% Touch Classification
%%%%%%%%%%%%%%%%%%%%%%

@inproceedings{howe1989sensing,
  title = {Sensing skin acceleration for slip and texture perception},
  author = {Howe, Robert D and Cutkosky, Mark R},
  booktitle = {Robotics and Automation, 1989. Proceedings., 1989 IEEE International Conference on},
  year = {1989},
  organization = {IEEE},
  pages = {145--150}
}

@inproceedings{boser1992training,
  title        = {A training algorithm for optimal margin classifiers},
  author       = {Boser, Bernhard E and Guyon, Isabelle M and Vapnik, Vladimir N},
  booktitle    = {Proceedings of the fifth annual workshop on Computational learning theory},
  year         = {1992},
  organization = {ACM},
  pages        = {144--152}
}

@Article{howe1993dynamic,
  Title                    = {Dynamic tactile sensing: Perception of fine surface features with stress rate sensing},
  Author                   = {Howe, Robert D and Cutkosky, Mark R},
  Journal                  = {Robotics and Automation, IEEE Transactions on},
  Year                     = {1993},
  Number                   = {2},
  Pages                    = {140--151},
  Volume                   = {9},
  Publisher                = {IEEE}
}

@article{holliins1993perceptual,
  title = {Perceptual dimensions of tactile surface texture: A multidimensional scaling analysis},
  author = {Holliins, Mark and Faldowski, Richard and Rao, Suman and Young, Forrest},
  journal = {Perception \& psychophysics},
  year = {1993},
  number = {6},
  pages = {697--705},
  volume = {54},
  publisher = {Springer}
}

@Article{lederman1999perceiving,
  Title                    = {Perceiving roughness via a rigid probe: Psychophysical effects of exploration speed and mode of touch},
  Author                   = {Lederman, Susan J and Klatzky, Roberta L and Hamilton, Cheryl L and Ramsay, Gillian I},
  Journal                  = {Haptics-e},
  Year                     = {1999},
  Number                   = {1},
  Volume                   = {1}
}

@article{guyon2002gene,
  title     = {Gene selection for cancer classification using support vector machines},
  author    = {Guyon, Isabelle and Weston, Jason and Barnhill, Stephen and Vapnik, Vladimir},
  journal   = {Machine learning},
  year      = {2002},
  number    = {1-3},
  pages     = {389--422},
  volume    = {46},
  publisher = {Springer}
}

@Article{jolivet2008benchmark,
  Title                    = {A benchmark test for a quantitative assessment of simple neuron models},
  Author                   = {Jolivet, Renaud and Kobayashi, Ryota and Rauch, Alexander and Naud, Richard and Shinomoto, Shigeru and Gerstner, Wulfram},
  Journal                  = {Journal of neuroscience methods},
  Year                     = {2008},
  Number                   = {2},
  Pages                    = {417--424},
  Volume                   = {169},

  Publisher                = {Elsevier}
}

@Article{johansson2009coding,
  Title                    = {Coding and use of tactile signals from the fingertips in object manipulation tasks},
  Author                   = {Johansson, Roland S and Flanagan, J Randall},
  Journal                  = {Nature Reviews Neuroscience},
  Year                     = {2009},
  Number                   = {5},
  Pages                    = {345--359},
  Volume                   = {10},

  Publisher                = {Nature Publishing Group}
}

@article{dahiya2010tactile,
  title     = {Tactile sensing{-}from humans to humanoids},
  author    = {Dahiya, Ravinder S and Metta, Giorgio and Valle, Maurizio and Sandini, Giulio},
  journal   = {Robotics, IEEE Transactions on},
  year      = {2010},
  number    = {1},
  pages     = {1--20},
  volume    = {26},
  publisher = {IEEE}
}

@Article{kim2010predicting,
  Title                    = {Predicting the timing of spikes evoked by tactile stimulation of the hand},
  Author                   = {Kim, Sung Soo and Sripati, Arun P and Bensmaia, Sliman J},
  Journal                  = {Journal of neurophysiology},
  Year                     = {2010},
  Number                   = {3},
  Pages                    = {1484--1496},
  Volume                   = {104},

  Publisher                = {Am Physiological Soc}
}

@article{oddo2011roughness,
  Title = {Roughness encoding for discrimination of surfaces in artificial active-touch},
  Author = {Oddo, Calogero M and Controzzi, Marco and Beccai, Lucia and Cipriani, Christian and Carrozza, Maria Chiara},
  Journal = {Robotics, IEEE Transactions on},
  Year = {2011},
  Number = {3},
  Pages = {522--533},
  Volume = {27},
  Publisher = {IEEE}
}

@article{giguere2011simple,
  title     = {A simple tactile probe for surface identification by mobile robots},
  author    = {Giguere, Philippe and Dudek, Gregory},
  journal   = {Robotics, IEEE Transactions on},
  year      = {2011},
  number    = {3},
  pages     = {534--544},
  volume    = {27},
  publisher = {IEEE}
}

@Article{jamali2011majority,
  Title                    = {Majority voting: material classification by tactile sensing using surface texture},
  Author                   = {Jamali, Nawid and Sammut, Claude},
  Journal                  = {Robotics, IEEE Transactions on},
  Year                     = {2011},
  Number                   = {3},
  Pages                    = {508--521},
  Volume                   = {27},

  Publisher                = {IEEE}
}

@Article{kim2011does,
  Title                    = {Does afferent heterogeneity matter in conveying tactile feedback through peripheral nerve stimulation?},
  Author                   = {Kim, Sung Soo and Mihalas, Stefan and Russell, Alexander and Dong, Yi and Bensmaia, Sliman J},
  Journal                  = {Neural Systems and Rehabilitation Engineering, IEEE Transactions on},
  Year                     = {2011},
  Number                   = {5},
  Pages                    = {514--520},
  Volume                   = {19},

  Publisher                = {IEEE}
}

@Article{pedregosa2011scikit,
  Title                    = {Scikit-learn: Machine learning in Python},
  Author                   = {Pedregosa, Fabian and Varoquaux, Ga{\"e}l and Gramfort, Alexandre and Michel, Vincent and Thirion, Bertrand and Grisel, Olivier and Blondel, Mathieu and Prettenhofer, Peter and Weiss, Ron and Dubourg, Vincent and others},
  Journal                  = {The Journal of Machine Learning Research},
  Year                     = {2011},
  Pages                    = {2825--2830},
  Volume                   = {12},

  Publisher                = {JMLR. org}
}

@article{fishel2012bayesian,
  author = {Fishel, Jeremy A. and Loeb, Gerald E.},
  title = {Bayesian exploration for intelligent identification of textures},
  journal = {Frontiers in Neurorobotics},
  year = {2012},
  volume = {6},
  number = {4},
  month = jun,
  doi = {10.3389/fnbot.2012.00004},
  issn = {1662-5218},
  url = {http://www.frontiersin.org/neurorobotics/10.3389/fnbot.2012.00004/abstract}
}

@article{bologna2013closed,
  author =   {L L Bologna and J Pinoteau and J-B Passot and J A Garrido and J Vogel and E Ros Vidal and A Arleo},
  title =    {A closed-loop neurobotic system for fine touch sensing},
  journal =  {Journal of Neural Engineering},
  year =     {2013},
  volume =   {10},
  number =   {4},
  pages =    {046019},
  url =      {http://stacks.iop.org/1741-2552/10/i=4/a=046019}
}

@article{hasler2013finding,
  author = {Hasler, Jennifer and Marr, Harry Bo},
  title = {Finding a Roadmap to achieve Large Neuromorphic Hardware Systems},
  journal = {Frontiers in Neuroscience},
  year = {2013},
  volume = {7},
  number = {118},
  month = jun,
  doi = {10.3389/fnins.2013.00118},
  issn = {1662-453X},
  url = {http://www.frontiersin.org/neuromorphic_engineering/10.3389/fnins.2013.00118/abstract}
}

@Article{klatzky2013haptic,
  author =   {Klatzky, R.L. and Pawluk, D. and Peer, A.},
  title =    {Haptic Perception of Material Properties and Implications for Applications},
  journal =  {Proceedings of the IEEE},
  year =     {2013},
  volume =   {101},
  number =   {9},
  pages =    {2081-2092},
  month =    {Sept},
  doi =      {10.1109/JPROC.2013.2248691},
  issn =     {0018-9219},
}

@Article{jorntell2014segregation,
  author =        {J{\"o}rntell, Henrik and Bengtsson, Fredrik and Geborek, Pontus and Spanne, Anton and Terekhov, Alexander V. and Hayward, Vincent},
  title =         {Segregation of Tactile Input Features in Neurons of the Cuneate Nucleus},
  journal =       {Neuron},
  volume =        {83},
  number =        {6},
  pages =         {1444--1452},
  month =         {2016/02/07},
  annote =        {doi: 10.1016/j.neuron.2014.07.038},
  booktitle =     {Neuron},
  date-added =    {2016-02-07 11:13:14 +0000},
  date-modified = {2016-02-07 11:13:14 +0000},
  doi =           {10.1016/j.neuron.2014.07.038},
  isbn =          {0896-6273},
  m3 =            {doi: 10.1016/j.neuron.2014.07.038},
  publisher =     {Elsevier},
  ty =            {JOUR},
  url =           {http://dx.doi.org/10.1016/j.neuron.2014.07.038}
}

@Article{rongala2015neuromorphic,
  author =   {Rongala, U.B. and Mazzoni, A. and Oddo, C.M.},
  title =    {Neuromorphic Artificial Touch for Categorization of Naturalistic Textures},
  journal =  {Neural Networks and Learning Systems, IEEE Transactions on},
  year =     {2015},
  volume =   {PP},
  number =   {99},
  pages =    {1-1},
  month =    sep,
  doi =      {10.1109/TNNLS.2015.2472477},
  issn =     {2162-237X},
}

@Article{saal2014touch,
  author =        {Saal, Hannes P. and Bensmaia, Sliman J.},
  title =         {Touch is a team effort: interplay of submodalities in cutaneous sensibility},
  journal =       {Trends in Neurosciences},
  volume =        {37},
  number =        {12},
  pages =         {689--697},
  month =         {2016/02/07},
  annote =        {doi: 10.1016/j.tins.2014.08.012},
  booktitle =     {Trends in Neurosciences},
  date-added =    {2016-02-07 11:19:58 +0000},
  date-modified = {2016-02-07 11:19:58 +0000},
  doi =           {10.1016/j.tins.2014.08.012},
  isbn =          {0166-2236},
  m3 =            {doi: 10.1016/j.tins.2014.08.012},
  publisher =     {Elsevier},
  ty =            {JOUR},
  url =           {http://dx.doi.org/10.1016/j.tins.2014.08.012}
}

@InProceedings{sinapov2010boosting,
  Title                    = {The Boosting Effect of Exploratory Behaviors.},
  Author                   = {Sinapov, Jivko and Stoytchev, Alexander},
  Booktitle                = {AAAI},
  Year                     = {2010}
}

@Article{sinapov2011vibrotactile,
  Title                    = {Vibrotactile recognition and categorization of surfaces by a humanoid robot},
  Author                   = {Sinapov, Jivko and Sukhoy, Vladimir and Sahai, Ritika and Stoytchev, Alexander},
  Journal                  = {Robotics, IEEE Transactions on},
  Year                     = {2011},
  Number                   = {3},
  Pages                    = {488--497},
  Volume                   = {27},

  Publisher                = {IEEE}
}

@InProceedings{tada2004sensing,
  Title                    = {Sensing ability of anthropomorphic fingertip with multi-modal sensors},
  Author                   = {Tada, Yasunori and Hosoda, Koh and Asada, Minoru},
  Booktitle                = {IEEE International Conference on Intelligent Robots and Systems},
  Year                     = {2004},
  Organization             = {Citeseer},
  Pages                    = {1005--1012}
}

@Article{unger2013physical,
  author =   {Unger, B. and Klatzky, R. and Hollis, R.},
  title =    {The Physical Basis of Perceived Roughness in Virtual Sinusoidal Textures},
  journal =  {Haptics, IEEE Transactions on},
  year =     {2013},
  volume =   {6},
  number =   {4},
  pages =    {496-505},
  month =    {Oct},
  doi =      {10.1109/TOH.2013.35},
  issn =     {1939-1412},
}

@Article{weber2013spatial,
  author =   {Weber, Alison I. and Saal, Hannes P. and Lieber, Justin D. and Cheng, Ju-Wen and Manfredi, Louise R. and Dammann, John F. and Bensmaia, Sliman J.},
  title =    {Spatial and temporal codes mediate the tactile perception of natural textures},
  journal =  {Proceedings of the National Academy of Sciences},
  year =     {2013},
  volume =   {110},
  number =   {42},
  pages =    {17107-17112},
  doi =      {10.1073/pnas.1305509110},
  url =      {http://www.pnas.org/content/110/42/17107.abstract}
}

